% This file was created with JabRef 2.10.
% Encoding: UTF-8


@Techreport{XcodeML17,
  author =       "XcalableMP Specification Working Group",
  year =         "2017",
  title 	=      "XcodeML/Fortran Specification",
  institution =  "RIKEN AICS",
  type =         "Language Specification",
  address =      "Kobe, Japan",
  month = 	     jul,
  note = 	       "",
}
